<collection xmlns="http://www.loc.gov/MARC21/slim">
   <record>
      <leader>02852cam a2200493 a 4500</leader>
      <controlfield tag="001">6669931</controlfield>
      <controlfield tag="003">OCoLC</controlfield>
      <controlfield tag="005">20140818144601.0</controlfield>
      <controlfield tag="008">140507s2015    enk      bm   001 0 eng d</controlfield>
      <datafield ind1=" " ind2=" " tag="015">
         <subfield code="a">GBB450762</subfield>
         <subfield code="2">bnb</subfield>
      </datafield>
      <datafield ind1="7" ind2=" " tag="016">
         <subfield code="a">016714246</subfield>
         <subfield code="2">Uk</subfield>
      </datafield>
      <datafield ind1=" " ind2=" " tag="020">
         <subfield code="a">9781138778481 (vol. 11)</subfield>
      </datafield>
      <datafield ind1=" " ind2=" " tag="020">
         <subfield code="a">1138778486</subfield>
      </datafield>
      <datafield ind1=" " ind2=" " tag="020">
         <subfield code="a">9781138024878 (set)</subfield>
      </datafield>
      <datafield ind1=" " ind2=" " tag="035">
         <subfield code="a">ocn925540880</subfield>
      </datafield>
      <datafield ind1=" " ind2=" " tag="040">
         <subfield code="a">UKMGB</subfield>
         <subfield code="b">eng</subfield>
         <subfield code="c">UKMGB</subfield>
         <subfield code="d">OCLCO</subfield>
         <subfield code="d">AEU</subfield>
      </datafield>
      <datafield ind1=" " ind2="4" tag="050">
         <subfield code="a">PN685</subfield>
         <subfield code="b">.R4 2015</subfield>
      </datafield>
      <datafield ind1="0" ind2="4" tag="082">
         <subfield code="a">820.9/351</subfield>
         <subfield code="2">23</subfield>
      </datafield>
      <datafield ind1=" " ind2=" " tag="090">
         <subfield code="a">PN685 .R4 2015</subfield>
         <subfield code="b">AEGMCT</subfield>
      </datafield>
      <datafield ind1="1" ind2=" " tag="100">
         <subfield code="a">Reid, Margaret J. C.</subfield>
         <subfield code="q">(Margaret Jane Cornfute),</subfield>
         <subfield code="d">1886- ,</subfield>
         <subfield code="e">author.</subfield>
         <subfield code="0">http://id.loc.gov/authorities/names/no2004089386</subfield>
         <subfield code="0">http://viaf.org/viaf/58798331</subfield>
      </datafield>
      <datafield ind1="1" ind2="4" tag="245">
         <subfield code="a">The Arthurian legend :</subfield>
         <subfield code="b">comparison of treatment in modern and mediaeval literature /</subfield>
         <subfield code="c">Margaret J.C. Reid.</subfield>
      </datafield>
      <datafield ind1=" " ind2=" " tag="260">
         <subfield code="a">Abingdon, Oxon ;</subfield>
         <subfield code="a">New York :</subfield>
         <subfield code="b">Routledge,</subfield>
         <subfield code="c">2015.</subfield>
      </datafield>
      <datafield ind1=" " ind2=" " tag="300">
         <subfield code="a">viii, 277 p. ;</subfield>
         <subfield code="c">23 cm.</subfield>
      </datafield>
      <datafield ind1=" " ind2=" " tag="336">
         <subfield code="a">text</subfield>
         <subfield code="2">rdacontent</subfield>
         <subfield code="0">http://id.loc.gov/vocabulary/contentTypes/txt</subfield>
      </datafield>
      <datafield ind1=" " ind2=" " tag="337">
         <subfield code="a">unmediated</subfield>
         <subfield code="2">rdamedia</subfield>
         <subfield code="0">http://id.loc.gov/vocabulary/mediaTypes/n</subfield>
      </datafield>
      <datafield ind1=" " ind2=" " tag="338">
         <subfield code="a">volume</subfield>
         <subfield code="2">rdacarrier</subfield>
         <subfield code="0">http://id.loc.gov/vocabulary/carriers/nc</subfield>
      </datafield>
      <datafield ind1="1" ind2=" " tag="490">
         <subfield code="a">Routledge library editions. Arthurian literature ;</subfield>
         <subfield code="v">v. 11</subfield>
      </datafield>
      <datafield ind1=" " ind2=" " tag="500">
         <subfield code="a">First published 1938.</subfield>
      </datafield>
      <datafield ind1=" " ind2=" " tag="504">
         <subfield code="a">Includes bibliographical references and index.</subfield>
      </datafield>
      <datafield ind1=" " ind2=" " tag="520">
         <subfield code="a">First published in 1938, this study explores the reception of the mythology of King Arthur by modern poets and playwrights. More specifically, the author explores the lineage of the legendary material since the first edition of Malory in 1485, exploring a vast range of artists who have made use of it: Spenser, Milton and Dryden, Wordsworth, Tennyson, Hardy, Matthew Arnold, and even Wagner.</subfield>
      </datafield>
      <datafield ind1=" " ind2=" " tag="596">
         <subfield code="a">29</subfield>
      </datafield>
      <datafield ind1=" " ind2="0" tag="650">
         <subfield code="a">Arthurian romances</subfield>
         <subfield code="x">History and criticism.</subfield>
         <subfield code="0">http://id.loc.gov/authorities/subjects/sh2007101474</subfield>
      </datafield>
      <datafield ind1=" " ind2="0" tag="650">
         <subfield code="a">Arthurian romances</subfield>
         <subfield code="v">Adaptations</subfield>
         <subfield code="x">History and criticism.</subfield>
         <subfield code="0">http://id.loc.gov/authorities/subjects/sh2007101033</subfield>
      </datafield>
      <datafield ind1=" " ind2="0" tag="650">
         <subfield code="a">Comparative literature</subfield>
         <subfield code="x">Medieval and modern.</subfield>
      </datafield>
      <datafield ind1=" " ind2="0" tag="650">
         <subfield code="a">Comparative literature</subfield>
         <subfield code="x">Modern and medieval.</subfield>
      </datafield>
      <datafield ind1=" " ind2="0" tag="650">
         <subfield code="a">Knights and knighthood in literature.</subfield>
         <subfield code="0">http://id.loc.gov/authorities/subjects/sh85072694</subfield>
      </datafield>
      <datafield ind1=" " ind2="0" tag="650">
         <subfield code="a">Kings and rulers in literature.</subfield>
         <subfield code="0">http://id.loc.gov/authorities/subjects/sh85072439</subfield>
      </datafield>
      <datafield ind1=" " ind2="0" tag="650">
         <subfield code="a">Legends in literature.</subfield>
         <subfield code="0">http://id.loc.gov/authorities/subjects/sh94006239</subfield>
      </datafield>
      <datafield ind1=" " ind2="0" tag="650">
         <subfield code="a">Myth in literature.</subfield>
         <subfield code="0">http://id.loc.gov/authorities/subjects/sh85089366</subfield>
      </datafield>
      <datafield ind1=" " ind2=" " tag="758">
         <subfield code="0">http://worldcat.org/entity/work/id/23041710</subfield>
      </datafield>
      <datafield ind1="0" ind2=" " tag="787">
         <subfield code="n">OCLC Work Id</subfield>
         <subfield code="o">http://worldcat.org/entity/work/id/23041710</subfield>
      </datafield>
      <datafield ind1=" " ind2="0" tag="830">
         <subfield code="a">Routledge library editions.</subfield>
         <subfield code="p">Arthurian literature ;</subfield>
         <subfield code="v">v. 11.</subfield>
      </datafield>
      <datafield ind1=" " ind2=" " tag="949">
         <subfield code="a">PN685 .R4 2015</subfield>
         <subfield code="h">GMCT-OS-B</subfield>
         <subfield code="i">1007414988</subfield>
         <subfield code="p">149.38</subfield>
         <subfield code="k">AVAIL_SOON</subfield>
      </datafield>
      <datafield ind1=" " ind2=" " tag="926">
         <subfield code="a">PN685 .R4 2015</subfield>
         <subfield code="w">LC</subfield>
         <subfield code="c">1</subfield>
         <subfield code="i">1007414988</subfield>
         <subfield code="d">10/9/2014</subfield>
         <subfield code="l">ON_SHELF</subfield>
         <subfield code="m">GR_MACEWAN</subfield>
         <subfield code="p">$142.27</subfield>
         <subfield code="r">Y</subfield>
         <subfield code="s">Y</subfield>
         <subfield code="t">BOOK</subfield>
         <subfield code="u">9/3/2014</subfield>
      </datafield>
   </record>
</collection>
